@misc{website:ledome,
		author = "Le Dôme",
		title = "Livre, papier et créativité numérique",
		month = "Février",
		year = "2018",
		howpublished = "http://ledome.info/index.php"
	}



